@inproceedings{pending,
Author = {Pending Penderson},
Booktitle = {Thunks, Lazy evaluation and GTD},
Title = {Pending Citations: Bells and Whistles},
Year = {1989}}
